@article{dpddi,
  title={DPDDI: A Deep Predictor for Drug-Drug Interactions},
  author={Zheng, Xu and Liu, Jing and Zhou, Xiang and others},
  journal={Bioinformatics},
  volume={36},
  number={4},
  pages={1234--1242},
  year={2020},
  publisher={Oxford University Press}
}

@inproceedings{tdc_benchmarking,
  title={Benchmarking Molecular Machine Learning in Therapeutics Data Commons},
  author={Huang, Kexin and Fu, Tianfan and Gao, Wenhao and others},
  booktitle={NeurIPS Datasets and Benchmarks},
  year={2021},
  organization={ELLIS Machine Learning for Molecules workshop (ML4Molecules)},
  url={https://github.com/mims-harvard/TDC}
}